%==Ref1
@article{Hirt1974,
      author = "Hirt, CW and Amsden, AA and Cook, JL",
       title = "An arbitrary {L}agrangian-{E}ulerian computing method for all flow speeds",
        year = "1974",
     journal = "J {C}omput {P}hys",
      volume = "14",
      number = "3",
       pages = "227--253"
}

%==Ref2
%@article{Benson1992,
%      author = "Benson, DJ",
%       title = "Computational methods in {L}agrangian and {E}ulerian hydrocodes",
%        year = "1992",
%     journal = "Comput {M}ethod {A}ppl {M}",
%      volume = "99",
%      number = "2--3",
%       pages = "235--394"
%}

%==Ref3
%@article{Dukowicz1984,
%      author = "Dukowicz, J",
%       title = "Conservative rezoning (remapping) for general quadrilateral meshes",
%        year = "1984",
%     journal = "J {C}omput {P}hys",
%      volume = "54",
%      number = "3",
%       pages = "411--424"
%}
